@Misc{dummy,
  title =     {Dummy},
  key =       {42}
}

